<record><leader>00000cas a22000007a 4500</leader><controlfield tag="001">32219981</controlfield><controlfield tag="008">950329u1963uuuunyuwr ne      0    0eng d</controlfield><datafield ind1=" " ind2=" " tag="010"><subfield code="a">sn 95071158 </subfield></datafield><datafield ind1=" " ind2=" " tag="040"><subfield code="a">NYS</subfield><subfield code="b">eng</subfield><subfield code="c">NYS</subfield><subfield code="d">OCLCQ</subfield></datafield><datafield ind1=" " ind2=" " tag="042"><subfield code="a">msc</subfield></datafield><datafield ind1="0" ind2=" " tag="130"><subfield code="a">County chronicle (East Aurora, N.Y.)</subfield></datafield><datafield ind1="1" ind2="4" tag="245"><subfield code="a">The county chronicle.</subfield></datafield><datafield ind1=" " ind2=" " tag="260"><subfield code="a">East Aurora, N.Y. :</subfield><subfield code="b">H.B. Nelson</subfield></datafield><datafield ind1=" " ind2=" " tag="300"><subfield code="a">v.</subfield></datafield><datafield ind1=" " ind2=" " tag="310"><subfield code="a">Weekly</subfield></datafield><datafield ind1="0" ind2=" " tag="362"><subfield code="a">Feb. 20, 1963-</subfield></datafield><datafield ind1=" " ind2=" " tag="500"><subfield code="a">"Serving the 25 towns of Erie County, N.Y."</subfield></datafield><datafield ind1=" " ind2=" " tag="515"><subfield code="a">Sept. 5, 1963 issue numbered: Vol. 1, no. 29.</subfield></datafield><datafield ind1=" " ind2="4" tag="651"><subfield code="a">East Aurora (N.Y.)</subfield><subfield code="v">Newspapers.</subfield></datafield><datafield ind1=" " ind2="4" tag="651"><subfield code="a">Erie County (N.Y.)</subfield><subfield code="v">Newspapers.</subfield></datafield><datafield ind1=" " ind2=" " tag="752"><subfield code="a">United States</subfield><subfield code="b">New York</subfield><subfield code="c">Erie</subfield><subfield code="d">East Aurora.</subfield></datafield><datafield ind1="1" ind2=" " tag="029"><subfield code="a">AU@</subfield><subfield code="b">000011738107</subfield></datafield></record>